@article{cdn,
 author = {E. Nygren and R.K. Sitaraman and J. Sun},
 title = {{The Akamai Network: A Platform for High-performance Internet Applications}},
 journal = {SIGOPS Oper. Syst. Rev.},
 volume = {44},
 number = {3},
 month = aug,
 year = {2010},
} 

@misc{tabb:businessloss,
  title={{The Value of a Millisecond: Finding the Optimal Speed of a Trading Infrastructure}},
  howpublished = {\url{http://www.tabbgroup.com/PublicationDetail.aspx?PublicationID=346}}
}


@misc{oreilly:businessloss,
author = {B. Forrest},
  title={{Bing and Google Agree: Slow Pages Lose Users}},
  howpublished = {\url{http://goo.gl/xV1uYl}},
  month = {Jun.},
  year = {2009}
}

@misc{cdnbenefitsRackspace,
  author = {T. Hopkins},
  title={{What Are The Benefits Of Using a CDN?}},
  howpublished = {\url{http://www.rackspace.com/knowledge_center/frequently-asked-question/what-are-the-benefits-of-using-a-cdn}},
  month = {Sept.},
  year = {2012}
}

@article{ShangPiggy06,
 author = {H. Shang and C.E. Wills},
 title = {{Piggybacking Related Domain Names to Improve DNS Performance}},
 journal = {Computer Network},
 volume = {50},
 number = {11},
 month = {Aug.},
 year = {2006}
} 

@misc{msdn:dns-prefetch,
  title={{Pre-Resolve DNS}},
  howpublished = {\url{https://goo.gl/mXsW96}},
  month = {Apr.},
  year = {2015}
}

  @misc{planetlab,
  title={{PlanetLab}},
  howpublished = {\url{https://www.planet-lab.org/}},
  month = {Jun.},
  year = {2007}
}

  @misc{ec2,
  title={{Amazon EC2 - Virtual Server Hosting}},
  howpublished = {\url{https://aws.amazon.com/ec2/}},
  month = {Feb.},
  year = {2016}
}

@misc{rutgers:study,
author = {V. Rideout and V. S. Katz},
  title={{Opportunity for all? Technology and learning in lower-income families}},
  howpublished = {\url{http://www.joanganzcooneycenter.org/wp-content/uploads/2016/01/jgcc_opportunityforall.pdf}},
  month = {Jan.},
  year = {2016}
  }

@misc{dns:rfc,
 author = {P. Mockapetris},
 title = {{Domain Names - Implementation and Specification}},
 howpublished = {\url{https://www.ietf.org/rfc/rfc1035.txt}},
 month = {Nov.},
 year = {1987}
}

@misc{http:rfc,
 author = {R. Fielding and J. Gettys and J. Mogul and H. Frystyk and L. Masinter and P. Leach and T. Berners-Lee},
 title = {{ Hypertext Transfer Protocol -- HTTP/1.1}},
 howpublished = {\url{http://www.rfc-base.org/txt/rfc-2616.txt}},
 month = {Jun.},
 year = {1999}
}

@misc{topporn,
 title = {{Top Adult Sites}},
 howpublished = {\url{http://toppornsites.com/}},
 month = {Apr.},
 year = {2016}
}

@inproceedings{MickaIP2NL15,
    author = {S. Micka and U. Goel and H. Ye and M. P. Wittie and B. Mumey},
    title = {{Internet Latency Estimation Using CDN Replicas}},
    booktitle = {IEEE Conference on Computer Communications and Networks (ICCCN)},
    month = {Aug.},
    year = {2015}
}

@Inproceedings{GoelDnsProxy15,
  Author = {U. Goel and M. P. Wittie and M. Steiner},
  Title={{Faster Web through Client-assisted CDN Server Selection}},
  Booktitle = {IEEE Conference on Computer Communications and Networks (ICCCN)},
  Month = aug,
  Year = {2015}
}

@misc{sdch,
author = {J. Butler and W. Lee and B. McQuade and K. Mixter},
  title={{A Proposal for Shared Dictionary Compression over HTTP}},
  howpublished = {\url{https://goo.gl/VC2v1X}},
  month = {Sept.},
  year = {2008}
}

@misc{RulaNamehelp,
author = {J. P. Rula and F. E. Bustamante},
  title={{Namehelp Mobile}},
  howpublished = {\url{http://aqualab.cs.northwestern.edu/projects/237-namehelp-mobile}},
  month = {Aug.},
  year = {2014}
}


@inproceedings{tcp_fast_open,
 author = {S. Radhakrishnan and Y. Cheng and J. Chu and A. Jain and B. Raghavan},
 title = {{TCP Fast Open}},
 booktitle = {ACM CoNEXT},
 month = {Dec.},
 year = {2011}
} 

@misc{happyEyeballs,
  author = {D. Wing and A. Yourtchenko},
  title={{Happy Eyeballs: Success with Dual-Stack Hosts}},
  howpublished = {\url{https://tools.ietf.org/html/rfc6555}},
  month = {Apr.},
  year = {2012}
}

@incollection{shiryayev1992markov,
  title={{Markov Chains with A Countable Number of Possible States}},
  author={A.N. Shiryayev},
  booktitle={Selected Works of AN Kolmogorov},
  year={1992},
}


@Inproceedings {export:176481,
author       = {S. Goel and J. Hofman and M. I. Sirer},
booktitle    = {Conference on Weblogs and Social Media
                (ICWSM)},
title        = {{Who Does What on the Web: Studying Web Browsing Behavior at Scale}},
month = {Jun.},
year         = {2012}
}

@article{montgomery2000trends,
  title={{Trends and patterns of WWW browsing behavior}},
  author={A.L. Montgomery and C. Faloutsos},
  month = {May},
  year={2000}
}


@inproceedings{Hu:2007:DPB:1242572.1242594,
 author = {J. Hu and H. Zeng and H. Li and C. Niu and Z. Chen},
 title = {{Demographic Prediction Based on User's Browsing Behavior}},
 booktitle = {Conference on World Wide Web (WWW)},
 month = {May},
 year = {2007}
} 

@article{scott2006nested,
  title={{A Nested Hidden Markov Model for Internet Browsing Behavior}},
  author={S.L. Scott and I. Hann},
  journal={Marshall School of Business},
  month = {Dec.},
  year={2006}
}

@inproceedings{BighamCBWL07,
  author = {J.P. Bigham and A. Cavender and J.T. Brudvik and J.O. Wobbrock and R.E. Ladner},
  booktitle = {ACM ASSETS},
  title = {{WebinSitu: A Comparative Analysis of Blind and Sighted Browsing Behavior}},
    month = {Oct.},
  year = {2007}
}

@inproceedings{kakkarweb,
  title={{Web Browsing Behaviors Based Age Detection}},
  author={M. Kakkar and D. Upadhyay},
  booktitle = {Journal of Soft Computing and Engineering (IJSCE)},
  month = {Mar.},
  year = {2013}
}

@article{awad2012prediction,
  title={{Prediction of User's Web-Browsing Behavior: Application of Markov Model}},
  author={M.A. Awad and I. Khalil},
  journal={IEEE Transactions on Systems, Man, and Cybernetics},
  volume={42},
  number={4},
  year={2012},
}

@article{dongre2015improved,
  title={{An Improved User Browsing Behavior Prediction using Regression Analysis on Web Logs}},
  author={V. Dongre and J. Raikwal},
  journal={Journal of Computer Applications},
  month = {Jan.},
  year={2015},
}

@inproceedings{Huang:2010:PBB:1810617.1810622,
 author = {J. Huang and R.W. White},
 title = {{Parallel Browsing Behavior on the Web}},
 booktitle = {ACM Conference on Hypertext and Hypermedia},
   month = {Jun.},
 year = {2010}
} 

@inproceedings{canali2014effectiveness,
  title={{On the Effectiveness of Risk Prediction Based on Users Browsing Behavior}},
  author={D. Canali and L. Bilge and D. Balzarotti},
  booktitle={ACM Symposium on Information, Computer and Communications Security},
  month = {Jun.},
  year={2014}
}

@conference {275,
	title = {{User authentication from Web browsing behavior}},
	booktitle = {Florida Artificial Intelligence Research Society Conference},
	year = {2013},
	author = {M. Abramson and D.W. Aha}
}

@inproceedings{zhu2005behavior,
  title={{Behavior-based Recommender Systems for Web Content}},
  author={T. Zhu and R. Greiner and G. Haubl and B. Price and K. Jewell},
  booktitle={Workshop Beyond Personalization},
  year={2005}
}